<?xml version="1.0" encoding="utf-8"?>
<record xmlns="http://www.loc.gov/MARC21/slim" xmlns:xsi="http://www.w3.org/2001/XMLSchema-instance" xsi:schemaLocation="http://www.loc.gov/MARC21/slim http://www.loc.gov/standards/marcxml/schema/MARC21slim.xsd">
	<leader>     nam a22        4500</leader>
	<controlfield tag="001">1801260</controlfield>
	<controlfield tag="003">NIC</controlfield>
	<controlfield tag="006">m        d        </controlfield>
	<controlfield tag="007">cr cn |||m|||a</controlfield>
	<controlfield tag="008">150505m19009999ua c    o     000 0 arar </controlfield>
	<datafield ind1=" " ind2=" " tag="020">
		<subfield code="z">9777327218 (v. 13)</subfield>
	</datafield>
	<datafield ind1=" " ind2=" " tag="020">
		<subfield code="z">9789777327213 (v. 13)</subfield>
	</datafield>
	<datafield ind1=" " ind2=" " tag="040">
		<subfield code="a">NNU</subfield>
		<subfield code="b">eng</subfield>
		<subfield code="e">rda</subfield>
		<subfield code="c">NNU</subfield>
	</datafield>
	<datafield ind1="0" ind2="0" tag="050">
		<subfield code="a">BP130.7</subfield>
		<subfield code="b">.S45 1980</subfield>
	</datafield>
	<datafield ind1="1" ind2=" " tag="100">
		<subfield code="6">880-01</subfield>
		<subfield code="a">Shaʻrāwī, Muḥammad Mutawallī.</subfield>
	</datafield>
	<datafield ind1="1" ind2="0" tag="245">
		<subfield code="6">880-02</subfield>
		<subfield code="a">Muʻjizat al-Qurʼān /</subfield>
		<subfield code="c">Muḥammad Mutawallī al-Shaʻrāwī.</subfield>
	</datafield>
	<datafield ind1=" " ind2=" " tag="260">
		<subfield code="6">880-03</subfield>
		<subfield code="a">al-Qāhirah :</subfield>
		<subfield code="b">Akhbār al-Yawm,</subfield>
		<subfield code="c">&lt;1980-[1989]&gt;</subfield>
	</datafield>
	<datafield ind1=" " ind2=" " tag="300">
		<subfield code="a">online resource (&lt;volumes 1-9, 11; in 8&gt;) :</subfield>
		<subfield code="b">portraits</subfield>
	</datafield>
	<datafield ind1=" " ind2=" " tag="336">
		<subfield code="a">text</subfield>
		<subfield code="2">rdacontent</subfield>
	</datafield>
	<datafield ind1=" " ind2=" " tag="337">
		<subfield code="a">computer</subfield>
		<subfield code="2">rdamedia</subfield>
	</datafield>
	<datafield ind1=" " ind2=" " tag="338">
		<subfield code="a">online resource</subfield>
		<subfield code="2">rdacarrier</subfield>
	</datafield>
	<datafield ind1="1" ind2=" " tag="490">
		<subfield code="6">880-04</subfield>
		<subfield code="a">Kitāb al-yawm ;</subfield>
		<subfield code="v">al-ʻadad 187, &lt;202, 216, 229, 242, 256, 268, 293&gt;</subfield>
	</datafield>
	<datafield ind1=" " ind2=" " tag="500">
		<subfield code="a">Part of the Arabic Collections Online (ACO) project, contributed by Cornell University Libraries.</subfield>
	</datafield>
	<datafield ind1=" " ind2=" " tag="533">
		<subfield code="a">Electronic reproduction.</subfield>
		<subfield code="b">New York, N.Y. :</subfield>
		<subfield code="c">New York University,</subfield>
		<subfield code="d">2015.</subfield>
		<subfield code="5">NNU</subfield>
	</datafield>
	<datafield ind1="0" ind2="0" tag="630">
		<subfield code="a">Qurʼan</subfield>
		<subfield code="x">Evidences, authority, etc.</subfield>
	</datafield>
	<datafield ind1="0" ind2="0" tag="630">
		<subfield code="a">Qurʼan</subfield>
		<subfield code="x">Appreciation.</subfield>
	</datafield>
	<datafield ind1="0" ind2="7" tag="630">
		<subfield code="a">Qurʼan.</subfield>
		<subfield code="2">fast</subfield>
		<subfield code="0">(OCoLC)fst01842877</subfield>
	</datafield>
	<datafield ind1=" " ind2="7" tag="650">
		<subfield code="a">Art appreciation.</subfield>
		<subfield code="2">fast</subfield>
		<subfield code="0">(OCoLC)fst00815447</subfield>
	</datafield>
	<datafield ind1=" " ind2="7" tag="650">
		<subfield code="a">Authority</subfield>
		<subfield code="x">Religious aspects.</subfield>
		<subfield code="2">fast</subfield>
		<subfield code="0">(OCoLC)fst00821658</subfield>
	</datafield>
	<datafield ind1="2" ind2=" " tag="710">
		<subfield code="a">Cornell University.</subfield>
		<subfield code="b">Libraries.</subfield>
	</datafield>
	<datafield ind1="0" ind2=" " tag="730">
		<subfield code="a">Arabic Collections Online.</subfield>
	</datafield>
	<datafield ind1="0" ind2="8" tag="776">
		<subfield code="i">Online version:</subfield>
		<subfield code="a">Shaʻrāwī, Muḥammad Mutawallī.</subfield>
		<subfield code="t">Muʻjizat al-Qurʼān.</subfield>
		<subfield code="d">al-Qāhirah : Akhbār al-Yawm, &lt;1980-[1989]&gt;</subfield>
		<subfield code="w">(OCoLC)592221194</subfield>
	</datafield>
	<datafield ind1="0" ind2="8" tag="776">
		<subfield code="i">Online version:</subfield>
		<subfield code="a">Shaʻrāwī, Muḥammad Mutawallī.</subfield>
		<subfield code="t">Muʻjizat al-Qurʼān.</subfield>
		<subfield code="d">al-Qāhirah : Akhbār al-Yawm, &lt;1980-[1989]&gt;</subfield>
		<subfield code="w">(OCoLC)613209220</subfield>
	</datafield>
	<datafield ind1="0" ind2="8" tag="776">
		<subfield code="i">Print version:</subfield>
		<subfield code="a">Shaʻrāwī, Muḥammad Mutawallī.</subfield>
		<subfield code="t">Muʻjizat al-Qurʼān</subfield>
		<subfield code="w">(NIC)1801260</subfield>
		<subfield code="w">(DLC)   80961133 </subfield>
		<subfield code="w">(OCoLC)13397434</subfield>
		<subfield code="z">9777327218 (v. 13)</subfield>
		<subfield code="z">9789777327213 (v. 13)</subfield>
	</datafield>
	<datafield ind1=" " ind2="0" tag="830">
		<subfield code="6">880-05</subfield>
		<subfield code="a">Kitāb al-yawm ;</subfield>
		<subfield code="v">al-ʻadad 187, &lt;202, 216, 229, 242, 256, 268, 293&gt;.</subfield>
	</datafield>
	<datafield ind1="4" ind2="0" tag="856">
		<subfield code="u">http://hdl.handle.net/2333.1/d7wm3b1w</subfield>
	</datafield>
	<datafield ind1="1" ind2=" " tag="880">
		<subfield code="6">100-01/r</subfield>
		<subfield code="a">شعراوي، محمد متولي.</subfield>
	</datafield>
	<datafield ind1="1" ind2="0" tag="880">
		<subfield code="6">245-02/r</subfield>
		<subfield code="a">معجزة القرآن /</subfield>
		<subfield code="c">محمد متولي الشعراوي.</subfield>
	</datafield>
	<datafield ind1=" " ind2=" " tag="880">
		<subfield code="6">260-03/r</subfield>
		<subfield code="a">القاهرة :</subfield>
		<subfield code="b">اخبار اليوم،</subfield>
		<subfield code="c">&lt;1980[1989]&gt;</subfield>
	</datafield>
	<datafield ind1="1" ind2=" " tag="880">
		<subfield code="6">490-04/r</subfield>
		<subfield code="a">كتاب اليوم ؛</subfield>
		<subfield code="v">العدد 187، &lt;202، 216، 229، 242، 256، 268، 293&gt;</subfield>
	</datafield>
	<datafield ind1=" " ind2="0" tag="880">
		<subfield code="6">830-05/r</subfield>
		<subfield code="a">كتاب اليوم ؛</subfield>
		<subfield code="v">العدد 187، &lt;202، 216، 229، 242، 256، 268، 293&gt;.</subfield>
	</datafield>
	<datafield ind1=" " ind2=" " tag="959">
		<subfield code="a">NNU</subfield>
		<subfield code="b">WEB</subfield>
		<subfield code="c">GENI</subfield>
		<subfield code="t">0</subfield>
		<subfield code="m">Electronic access</subfield>
		<subfield code="s">01</subfield>
	</datafield>
	<datafield ind1=" " ind2=" " tag="999">
		<subfield code="i">NIC_1801260</subfield>
		<subfield code="o">(OCoLC)ocm13397434</subfield>
		<subfield code="s">cornell_aco000252:juz7</subfield>
		<subfield code="s">cornell_aco000253:juz8</subfield>
		<subfield code="s">cornell_aco000254:juz9</subfield>
		<subfield code="s">cornell_aco000255:juz10</subfield>
		<subfield code="s">cornell_aco000256:juz11</subfield>
		<subfield code="e">(ERROR-880)(ERROR-SERIES)</subfield>
		<subfield code="s">cornell_aco000252:juz7</subfield>
		<subfield code="s">cornell_aco000253:juz8</subfield>
		<subfield code="s">cornell_aco000254:juz9</subfield>
		<subfield code="s">cornell_aco000255:juz10</subfield>
		<subfield code="s">cornell_aco000256:juz11</subfield>
	</datafield>
</record>
